@book{Physik,
    author = {Paul A. Tipler},
    title = {Physik für Studierende der Naturwissenschaft und Technik},
    publisher = {Springer},
    year = {2019},
    edition = {8th}
}

@book{demtröder,
  author={Demtr{\"o}der, Wolfgang},
  title={Experimentalphysik 1},
  subtitle={Mechanik und W{\"a}rme},
  edition={9. Auflage},
  publisher={Springer Spektrum},
  address={Berlin ; [Heidelberg]},
  year={2021},
  pages={XVI, 511},
  isbn={978-3-662-62728-0},
  doi={https://doi.org/10.1007/978-3-662-62728-0},
}

@misc{MPG,
  author    = {Max-Planck-Gesellschaft},
  title     = {Plasmaphysik},
  howpublished = {\url{https://www.mpg.de/plasmaphysik}},
    note = {Zugriff: 10.8.2025}
}

@misc{PMT,
  author    = {plasmatreat},
  title     = {Plasmaverfahren},
  howpublished       = {\url{https://www.plasmatreat.com/de/was-ist-plasma/plasmaverfahren}},
    note = {Zugriff: 10.8.2025}
}

@misc{EidPp,
  author    = {Prof. A. von Keudell},
  title     = {Vorlesungsskript - Einführung in die Plasmaphysik},
  howpublished       = {\url{https://www.ep2.ruhr-uni-bochum.de/files/skripte/skriptpp.pdf}},
    note = {Zugriff: 10.8.2025}
}

@misc{Pp,
  author    = {Hartmut Zohm},
  title     = {Plasmaphysik},
  howpublished = {\url{https://www.ipp.mpg.de/2155286/Plasmaphysik}},
    note = {Zugriff: 10.8.2025}
}

@misc{vt,
  author    = {vactechnico},
  title     = {Scrollpump Technologie},
  howpublished = {\url{https://www.vactechnico.com/scroll-labs-pumpen/scrollpump-technologie/}},
    note = {Zugriff: 10.8.2025}
}

@misc{Ossila,
    author = {Matthew Thiesse},
    title = {What are {A}uger {E}lectrons? {D}efinitions \& {A}pplications},
    howpublished = {\url{https://www.ossila.com/pages/auger-electrons}},
    note = {Zugriff: 10.8.2025}
}

@misc{leifi_tesla,
    title = {Teslatransformator},
    key = {LEIFI},
    howpublished = {\url{https://www.leifiphysik.de/elektrizitaetslehre/induktion-und-transformator/ausblick/teslatransformator}},
    note = {Zugriff: 10.8.2025}
}